%YAML 1.1
%TAG !u! tag:unity3d.com,2011:
--- !u!244 &-8777034866172278157
AudioMixerEffectController:
  m_ObjectHideFlags: 3
  m_CorrespondingSourceObject: {fileID: 0}
  m_PrefabInstance: {fileID: 0}
  m_PrefabAsset: {fileID: 0}
  m_Name: 
  m_EffectID: 4d0d5ca5335fe3d4996e138d8070893e
  m_EffectName: Attenuation
  m_MixLevel: f8eb40417be4b8649b0dfe4db2b4a7fe
  m_Parameters: []
  m_SendTarget: {fileID: 0}
  m_EnableWetMix: 0
  m_Bypass: 0
--- !u!243 &-6803866335722047221
AudioMixerGroupController:
  m_ObjectHideFlags: 0
  m_CorrespondingSourceObject: {fileID: 0}
  m_PrefabInstance: {fileID: 0}
  m_PrefabAsset: {fileID: 0}
  m_Name: Effects
  m_AudioMixer: {fileID: 24100000}
  m_GroupID: 11853ba32330d9a4fac6a57c04d3e70c
  m_Children: []
  m_Volume: 306762b1786abe74eb11d8472af90359
  m_Pitch: 4eab1fe8f31341846a4ceae5342f27bc
  m_Send: 00000000000000000000000000000000
  m_Effects:
  - {fileID: -8777034866172278157}
  m_UserColorIndex: 0
  m_Mute: 0
  m_Solo: 0
  m_BypassEffects: 0
--- !u!241 &24100000
AudioMixerController:
  m_ObjectHideFlags: 0
  m_CorrespondingSourceObject: {fileID: 0}
  m_PrefabInstance: {fileID: 0}
  m_PrefabAsset: {fileID: 0}
  m_Name: Mixer
  m_OutputGroup: {fileID: 0}
  m_MasterGroup: {fileID: 24300002}
  m_Snapshots:
  - {fileID: 24500006}
  m_StartSnapshot: {fileID: 24500006}
  m_SuspendThreshold: -80
  m_EnableSuspend: 1
  m_UpdateMode: 0
  m_ExposedParameters:
  - guid: 2f8922fdf2a5442468bcc4e7eb2cd2bd
    name: MasterVolume
  m_AudioMixerGroupViews:
  - guids:
    - 30a2576efd8051445986107e48188ee9
    - 11853ba32330d9a4fac6a57c04d3e70c
    name: View
  m_CurrentViewIndex: 0
  m_TargetSnapshot: {fileID: 24500006}
--- !u!243 &24300002
AudioMixerGroupController:
  m_ObjectHideFlags: 0
  m_CorrespondingSourceObject: {fileID: 0}
  m_PrefabInstance: {fileID: 0}
  m_PrefabAsset: {fileID: 0}
  m_Name: Master
  m_AudioMixer: {fileID: 24100000}
  m_GroupID: 30a2576efd8051445986107e48188ee9
  m_Children:
  - {fileID: -6803866335722047221}
  m_Volume: 2f8922fdf2a5442468bcc4e7eb2cd2bd
  m_Pitch: f66d3436e59b1e24f81101c90edb6f78
  m_Send: 00000000000000000000000000000000
  m_Effects:
  - {fileID: 24400004}
  m_UserColorIndex: 0
  m_Mute: 0
  m_Solo: 0
  m_BypassEffects: 0
--- !u!244 &24400004
AudioMixerEffectController:
  m_ObjectHideFlags: 3
  m_CorrespondingSourceObject: {fileID: 0}
  m_PrefabInstance: {fileID: 0}
  m_PrefabAsset: {fileID: 0}
  m_Name: 
  m_EffectID: e6435e8adc91b1f41bfbbd27a2df1e0c
  m_EffectName: Attenuation
  m_MixLevel: 2789ef7dc5976564f9fe95253aa2a3ba
  m_Parameters: []
  m_SendTarget: {fileID: 0}
  m_EnableWetMix: 0
  m_Bypass: 0
--- !u!245 &24500006
AudioMixerSnapshotController:
  m_ObjectHideFlags: 0
  m_CorrespondingSourceObject: {fileID: 0}
  m_PrefabInstance: {fileID: 0}
  m_PrefabAsset: {fileID: 0}
  m_Name: Snapshot
  m_AudioMixer: {fileID: 24100000}
  m_SnapshotID: 036b2cab16750c74ca71adc721e9fa19
  m_FloatValues:
    2f8922fdf2a5442468bcc4e7eb2cd2bd: 0
  m_TransitionOverrides: {}
